<record><leader>00000cas a2200000 a 4500</leader><controlfield tag="001">11831830</controlfield><controlfield tag="008">850321d19581959ksuwr ne      0   a0eng d</controlfield><datafield ind1=" " ind2=" " tag="010"><subfield code="a">sn 85029114 </subfield></datafield><datafield ind1=" " ind2=" " tag="040"><subfield code="a">KSH</subfield><subfield code="b">eng</subfield><subfield code="c">KSH</subfield><subfield code="d">NPT</subfield><subfield code="d">OCL</subfield><subfield code="d">OCLCQ</subfield></datafield><datafield ind1=" " ind2=" " tag="042"><subfield code="a">msc</subfield></datafield><datafield ind1="0" ind2="4" tag="245"><subfield code="a">The Perry mirror, the McLouth times, the Jefferson County news.</subfield></datafield><datafield ind1="3" ind2="0" tag="246"><subfield code="a">McLouth times</subfield></datafield><datafield ind1="3" ind2="0" tag="246"><subfield code="a">Jefferson County news</subfield></datafield><datafield ind1=" " ind2=" " tag="260"><subfield code="a">Perry, Kan. ;</subfield><subfield code="a">McLouth, Kan. :</subfield><subfield code="b">Roger Bergquist,</subfield><subfield code="c">1958-1959.</subfield></datafield><datafield ind1=" " ind2=" " tag="300"><subfield code="a">1 v. :</subfield><subfield code="b">ill. ;</subfield><subfield code="c">44 cm.</subfield></datafield><datafield ind1=" " ind2=" " tag="310"><subfield code="a">Weekly</subfield></datafield><datafield ind1="0" ind2=" " tag="362"><subfield code="a">Vol. 60, no. 1 (June 26, 1958)-v. 61, no. 25 (Dec. 10, 1959) = v. 71, no. 30-v. 71, no. 24.</subfield></datafield><datafield ind1=" " ind2=" " tag="500"><subfield code="a">Published by Marie R. Abels, Jan. 1-Dec. 10, 1959.</subfield></datafield><datafield ind1=" " ind2=" " tag="515"><subfield code="a">Numbering is irregular.</subfield></datafield><datafield ind1=" " ind2=" " tag="752"><subfield code="a">United States</subfield><subfield code="b">Kansas</subfield><subfield code="c">Jefferson</subfield><subfield code="d">Perry.</subfield></datafield><datafield ind1="0" ind2="4" tag="780"><subfield code="t">Perry mirror (Perry, Kan. : 1898)</subfield><subfield code="w">(DLC)sn 85029115</subfield></datafield><datafield ind1="0" ind2="4" tag="780"><subfield code="t">McLouth times</subfield><subfield code="w">(DLC)sn 85029078</subfield></datafield><datafield ind1="0" ind2="0" tag="785"><subfield code="t">Perry mirror (Perry, Kan. : 1959)</subfield><subfield code="w">(DLC)sn 85029113</subfield></datafield></record>